%! Author = Alexander Brand
%! Date = 01.03.2025


@online{rustcookbook,
    author = { Steve Klabnik, Carol Nichols, and Chris Krycho, with contributions from the Rust Community},
    title = {Defining an Enum - The Rust Programming Language},
    date = {01.03.2025},
    url = {https://doc.rust-lang.org/book/ch06-01-defining-an-enum.html},
}

@article{einstein,
    author = "Albert Einstein",
    title = "{Zur Elektrodynamik bewegter K{\"o}rper}. ({German})
    [{On} the electrodynamics of moving bodies]",
    journal = "Annalen der Physik",
    volume = "322",
    number = "10",
    pages = "891--921",
    year = "1905",
    DOI = "http://dx.doi.org/10.1002/andp.19053221004",
    keywords = "physics"
}