@book{Voss2022,
  title = {Wissenschaftliches Arbeiten: ... leicht verst채ndlich!},
  author = {Voss,  R\"{o}diger},
  ISBN = {978-3-83-858812-4},
  DOI = {10.36198/9783838588124},
  publisher = {utb GmbH},
  year = {2022},
  month = jun 
}

% Auch wenn die URL nach einer DOI aussieht, so hat dieses Buch keine echte DOI!
@book{Deininger2017,
  title     = {Studienarbeiten},
  author    = {Deininger, Marcus and Lichter, Horst and Ludewig, Jochen and
               Schneider, Kurt},
  publisher = {vdf Hochschulverlag AG},
  ISBN      = {978-3-72-813812-5},
  URL = {https://elibrary.utb.de/doi/book/10.5555/9783728138125},
  edition   =  6,
  month     =  may,
  year      =  2017
}

@techreport{10.13154/294-9734,
  title = {Didaktische und rechtliche Perspektiven auf KI-gest체tztes Schreiben in der Hochschulbildung},
  author = {Salden,  Peter},
  doi = {10.13154/294-9734},
  publisher = {Ruhr-Universit\"{a}t Bochum},
  year = {2023},
}

% Graue Literatur
@misc{Boles21,
  title = {Leitfaden zur Durchf체hrung von Bachelor-Abschlussarbeiten},
  author = {Dietrich Boles},
  year = {2021},
  howpublished = {Universit채t Oldenburg},
  url = {https://uol.de/f/2/dept/informatik/download/studium/Leitfaden-Bachelorarbeit.pdf},
}
